@book{Koller+Friedman:09,
  title = {Probabilistic Graphical Models: Principles and Techniques},
  author = {D. Koller and N. Friedman},
  year = 2009,
  publisher = {MIT Press},
}

@book{2009Domingos,
  author    = {Pedro Domingos and
               Daniel Lowd},
  title     = {Markov Logic: An Interface Layer for Artificial Intelligence},
  booktitle = {Markov Logic: An Interface Layer for Artificial Intelligence},
  publisher = {Morgan {\&} Claypool Publishers},
  series    = {Synthesis Lectures on Artificial Intelligence and Machine
               Learning},
  year      = {2009},
  ee        = {http://dx.doi.org/10.2200/S00206ED1V01Y200907AIM007},
  bibsource = {DBLP, http://dblp.uni-trier.de}
}
